 %**********************************************************************************************************************
@MastersThesis{Adamec2016thesis,

	AUTHOR = "ADAMEC, Ludvík",
	TITLE = "Vektorové dlaždice ve webové kartografii [online]",
	YEAR = "2016 [cit. 2020-02-04]",
	TYPE = "Diplomová práce", 
	SCHOOL = "Masarykova univerzita, Přírodovědecká fakulta, Brno",
	SUPERVISOR = "Mgr. Bc. Jiří Kozel, Ph.D.", 
	URL = "Dostupné z WWW <https://theses.cz/id/m6gbck/>",
}

@online{OpenMapTiles,
  title  =	"OpenMapTiles vektorové dlaždice v češtině ",
  url   =	"https://docplayer.cz/68312513-Openmaptiles-vektorove-dlazdice-v-cestine.html",
  addendum = "(accessed: 4.2.2020)" 
}

@online{PublikovaniGeodat,
  title  =	"Vektorové dlaždice v publikování geodat ",
  url   =	"https://gis.fns.uniba.sk/vyuka/Pouzitie_pocitacov_v_geografii/2018Prezentacie/naMetdyClanok.pdf",
  addendum = "(accessed: 4.2.2020)" 
}

@online{VectorTilesPreview,
  title  =	"Vector Tiles preview ",
  url   =	"https://www.esri.com/arcgis-blog/products/arcgis-enterprise/mapping/vector-tiles-preview/?rmedium=redirect&rsource=blogs.esri.com/esri/arcgis/2015/07/20/vector-tiles-preview",
  addendum = "(accessed: 4.2.2020)" 
}

@online{VektoroveDlazdiceCleerio,
  title  =	"CLEERIO Vektorové dlaždice",
  url   =	"https://www.cagi.cz/upload/documents/givs2017/29_zavadil-vizualizace_velkych_dat_kn.pdf",
  addendum = "(accessed: 4.2.2020)" 
}
